@ARTICLE{perez2012,
    title={Isoelectric point optimization using peptide descriptors and support vector machines},
    author={Perez-Riverol, Yasset and Audain, Enrique and Millan, Aleli and Ramos, Yassel and Sanchez, Aniel and Vizca{\'\i}no, Juan Antonio and Wang, Rui and M{\"u}ller, Markus and Machado, Yoan J and Betancourt, Lazaro H and others},
        journal={Journal of proteomics},
        volume={75},
        number={7},
        pages={2269--2274},
        year={2012},
        publisher={Elsevier}
}

@ARTICLE{cargile2008,
  title={Calculation of the isoelectric point of tryptic peptides in the pH 3.5--4.5 range based on adjacent amino acid effects},
  author={Cargile, Benjamin J and Sevinsky, Joel R and Essader, Amal S and Eu, Jerry P and Stephenson, James L},
  journal={Electrophoresis},
  volume={29},
  number={13},
  pages={2768--2778},
  year={2008},
  publisher={Wiley Online Library}
}

@ARTICLE{bjellqvist1993,
  title={The focusing positions of polypeptides in immobilized pH gradients can be predicted from their amino acid sequences},
  author={Bjellqvist, Bengt and Hughes, Graham J and Pasquali, Christian and Paquet, Nicole and Ravier, Florence and Sanchez, Jean-Charles and Frutiger, S{\'e}verine and Hochstrasser, Denis},
  journal={Electrophoresis},
  volume={14},
  number={1},
  pages={1023--1031},
  year={1993},
  publisher={Wiley Online Library}
}
